
@article{abadie2010synthetic,
  title={Synthetic control methods for comparative case studies: Estimating the effect of Californiaâ€™s tobacco control program},
  author={Abadie, A. and Diamond, A. and Hainmueller, J.},
  journal={Journal of the American statistical Association},
  volume={105},
  number={490},
  pages={493--505},
  year={2010},
  publisher={Taylor \& Francis}
}

@article{abadie2015comparative,
  title={Comparative politics and the synthetic control method},
  author={Abadie, A. and Diamond, A. and Hainmueller, J.},
  journal={American Journal of Political Science},
  volume={59},
  number={2},
  pages={495--510},
  year={2015},
  publisher={Wiley Online Library}
}

@article{eck2020challenging,
  title={Challenging nostalgia and performance metrics in baseball},
  author={Eck, D.~J.},
  journal={Chance},
  year={2020}, 
  volume={33},
  number={1},
  pages={16--25},
}



@Manual{MASS,
     TITLE = {MASS: R package},
    AUTHOR = {Ripley, B. and Venables, B. and Bates, D. and Hornik, K. and Gebhardt, A. and Firth, D.},
      YEAR = {2019}
}

@book{ggplot2,
     TITLE = {ggplot2: Elegant Graphics for Data Analysis},
    AUTHOR = {Wickham, H.},
      YEAR = {2016},
 PUBLISHER = {Springer-Verlag New York},
       URL = {https://ggplot2.tidyverse.org}
 
}

@book{schwarz2004numbers,
  title={The numbers game: Baseball's lifelong fascination with statistics},
  author={Schwarz, A.},
  year={2004},
  publisher={Macmillan}
}

@book{marchi2019analyzing,
  title={Analyzing baseball data with R 2nd Edition},
  author={Marchi, M. and Albert, J. and Baumer, B.~S.},
  year={2019},
  publisher={CRC Press}
}

